<record><leader>00000cas a2200000 a 4500</leader><controlfield tag="001">28239880</controlfield><controlfield tag="008">930609d19181959cauwr ne      0    0eng c</controlfield><datafield ind1=" " ind2=" " tag="010"><subfield code="a">sn 93053298 </subfield></datafield><datafield ind1=" " ind2=" " tag="040"><subfield code="a">CNK</subfield><subfield code="b">eng</subfield><subfield code="c">CNK</subfield><subfield code="d">OCLCQ</subfield><subfield code="d">CNK</subfield><subfield code="d">OCLCQ</subfield><subfield code="d">OCLCF</subfield><subfield code="d">OCLCO</subfield></datafield><datafield ind1="1" ind2=" " tag="029"><subfield code="a">AU@</subfield><subfield code="b">000025905697</subfield></datafield><datafield ind1=" " ind2=" " tag="042"><subfield code="a">pcc</subfield></datafield><datafield ind1=" " ind2=" " tag="043"><subfield code="a">n-us-ca</subfield></datafield><datafield ind1="0" ind2="0" tag="245"><subfield code="a">Auburn journal and Placer County Republican.</subfield></datafield><datafield ind1=" " ind2=" " tag="260"><subfield code="a">Auburn, Calif. :</subfield><subfield code="b">Placer County Pub. Co.</subfield></datafield><datafield ind1=" " ind2=" " tag="300"><subfield code="a">v.</subfield></datafield><datafield ind1=" " ind2=" " tag="310"><subfield code="a">Weekly</subfield></datafield><datafield ind1="0" ind2=" " tag="362"><subfield code="a">Vol. 9, no. 100 (Nov. 14, 1918)-v. 10, no. 31 (Jan. 19, 1922) = v. 47, no. 31-v. 21, no. 6 ; v. 22, no. 15 (Jan. 26, 1922)-v. 87, no. 25 (Oct. 22, 1959).</subfield></datafield><datafield ind1=" " ind2=" " tag="515"><subfield code="a">Numbering is irregular.</subfield></datafield><datafield ind1=" " ind2=" " tag="530"><subfield code="a">Master negatives are available for duplication from:</subfield><subfield code="b">California Newspaper Microfilm Archive;</subfield><subfield code="c">positive copies may be purchased by the reel; for further information consult the CNMA at:</subfield><subfield code="u">http://cbsr.ucr.edu</subfield></datafield><datafield ind1=" " ind2="0" tag="651"><subfield code="a">Placer County (Calif.)</subfield><subfield code="v">Newspapers.</subfield></datafield><datafield ind1=" " ind2="7" tag="655"><subfield code="a">Newspapers.</subfield><subfield code="2">fast</subfield><subfield code="0">(OCoLC)fst01423814</subfield></datafield><datafield ind1=" " ind2="7" tag="651"><subfield code="a">California</subfield><subfield code="z">Placer County.</subfield><subfield code="2">fast</subfield><subfield code="0">(OCoLC)fst01215713</subfield></datafield><datafield ind1=" " ind2=" " tag="752"><subfield code="a">United States</subfield><subfield code="b">California</subfield><subfield code="c">Placer</subfield><subfield code="d">Auburn.</subfield></datafield><datafield ind1="0" ind2="4" tag="780"><subfield code="t">Auburn daily journal</subfield><subfield code="w">(DLC)sn 93053297</subfield></datafield><datafield ind1="0" ind2="4" tag="780"><subfield code="t">Placer County Republican (Auburn, Calif. : 1903)</subfield><subfield code="w">(DLC)sn 93053296</subfield></datafield><datafield ind1="0" ind2="0" tag="785"><subfield code="t">Auburn journal (Auburn, Calif.)</subfield><subfield code="w">(DLC)sn 93053299</subfield></datafield></record>